@book{iobooks,
author="柴田 良一",
title="「PrePoMax」ではじめる実践構造解析 [改訂版]",
publisher="工学社",
year="2022",
}
%
@Misc{wanted,
author="オープンCAE勉強会@関西",
title="オープンCAE Wanted@関西”．Scrapbox．",
note= "AWolframWebResource(2017年2月8日閲覧)",
}
%
@inbook{handbook,
author="岸 正彦",
title="構造解析のための有限要素法実践ハンドブック",
publisher="森北出版",
year="2006",
pages="89-90",
}
%
@Misc{sagita,
author="@Sagittarius\_Chiron",
title        = "{Welcome to the Globus Toolkit}",
howpublished = "\url{http://www.globus.org/toolkit/}"
}
